@article{oly2156,
    author =       "Andrew J. Tatem and Carlos A. Guerra and Peter M. Atkinson and Simon I. Hay ",
    title =        "Momentous sprint at the 2156 Olympics?",
    journal =      "Nature",
    volume =       "431",
    pages =        "525",
    year =         "2004"
}
